@book{hawkins1980identification,
  title={Identification of outliers},
  author={Hawkins, Douglas M},
  volume={11},
  year={1980},
  publisher={Springer}
}
@inproceedings{loureiro2004outlier,
  title={Outlier detection using clustering methods: a data cleaning application},
  author={Loureiro, Antonio and Torgo, Luis and Soares, Carlos},
  booktitle={Proceedings of KDNet Symposium on Knowledge-based Systems for the Public Sector. Bonn, Germany},
  year={2004}
}
@article{steinberg2009cart,
  title={CART: classification and regression trees},
  author={Steinberg, Dan and Colla, Phillip},
  journal={The top ten algorithms in data mining},
  volume={9},
  pages={179},
  year={2009},
  publisher={CRC Press}
}
@article{bradley1997use,
  title={The use of the area under the ROC curve in the evaluation of machine learning algorithms},
  author={Bradley, Andrew P},
  journal={Pattern recognition},
  volume={30},
  number={7},
  pages={1145--1159},
  year={1997},
  publisher={Elsevier}
}
@article{peters2004predictive,
  title={Predictive ecohydrological modelling using the random forest algorithm.},
  author={Peters, J and Samson, R and Verhoest, NE},
  journal={Communications in agricultural and applied biological sciences},
  volume={70},
  number={2},
  pages={207--211},
  year={2004}
}
@article{breiman2001random,
  title={Random forests},
  author={Breiman, Leo},
  journal={Machine learning},
  volume={45},
  number={1},
  pages={5--32},
  year={2001},
  publisher={Springer}
}
@article{park2004receiver,
  title={Receiver operating characteristic (ROC) curve: practical review for radiologists},
  author={Park, Seong Ho and Goo, Jin Mo and Jo, Chan-Hee},
  journal={Korean Journal of Radiology},
  volume={5},
  number={1},
  pages={11--18},
  year={2004}
}
@article{archer2008empirical,
  title={Empirical characterization of random forest variable importance measures},
  author={Archer, Kellie J and Kimes, Ryan V},
  journal={Computational Statistics \& Data Analysis},
  volume={52},
  number={4},
  pages={2249--2260},
  year={2008},
  publisher={Elsevier}
}
@article{brun2007model,
  title={Model-based evaluation of clustering validation measures},
  author={Brun, Marcel and Sima, Chao and Hua, Jianping and Lowey, James and Carroll, Brent and Suh, Edward and Dougherty, Edward R},
  journal={Pattern recognition},
  volume={40},
  number={3},
  pages={807--824},
  year={2007},
  publisher={Elsevier}
}
@inproceedings{macqueen1967some,
  title={Some methods for classification and analysis of multivariate observations},
  author={MacQueen, James and others},
  booktitle={Proceedings of the fifth Berkeley symposium on mathematical statistics and probability},
  volume={1},
  number={14},
  pages={281--297},
  year={1967},
  organization={Oakland, CA, USA.}
}
@article{Cheng2009the,
title={The comparisons of data mining techniques for the predictive accuracy of probability of default of credit card clients},
author={I-Cheng Yeh, Che-hui Lien},
journal={Expert Systems with Applications},
number={36},
pages={2473-2480},
year={2009},
publisher={Elsevier}
}
@article{Hand97Henley,
title={Statistical Classification Methods in Consumer Credit Scoring: a Review},
author={DJ Hand, WE Henley},
journal={Royal Statistical Society},
number={160},
pages={523-541},
year={1997},
}
@article{thomas2000,
title={A survey of credit and behavioral scoring: Forecasting financial risk of lending to consumers},
author={Lyn C. Thomas},
journal={International Journal of Forecasting},
number={16},
pages={149-172},
year={2000},
}
@article{KH2002,
title={Data mining and customer relationship marketing in the banking industry},
author={KH Chye, CKL Gerry},
journal={Singapore Management Review},
number={24},
year={2002},
}
@book{appliedlogit,
  title={Applied Logistic Regression, 3th Edition},
  author={David W. Hosmer, Jr., Stanley Lemeshow, Rodney X. Sturdivant},
  volume={528},
  year={2013},
  publisher={Wiley}
}
@article{Rishnb,
title={An empirical study of the Naive Bayes classifier },
author={I.Rish},
journal={International Journal of Forecasting},
year={2001},
organization={T.J.Watson Research Center}
}
@book{NN97,
  title={An Introduction to Neural Network},
  author={Kevin Gurney},
  year={1997},
  publisher={London UCL press}
}